@article{chari2020diverse,
	title={Diverse {R-PPG}: Camera-Based Heart Rate Estimation for Diverse Subject Skin-Tones and Scenes},
	author={Chari, Pradyumna and Kabra, Krish and Karinca, Doruk and Lahiri, Soumyarup and Srivastava, Diplav and Kulkarni, Kimaya and Chen, Tianyuan and Cannesson, Maxime and Jalilian, Laleh and Kadambi, Achuta},
	journal={arXiv preprint arXiv:2010.12769},
	year={2020}
}